<record><leader>00000cas a22000007a 4500</leader><controlfield tag="001">12686023</controlfield><controlfield tag="008">851017d19541974utudn ne      0    0eng d</controlfield><datafield ind1=" " ind2=" " tag="010"><subfield code="a">sn 85058250 </subfield></datafield><datafield ind1=" " ind2=" " tag="040"><subfield code="a">UNP</subfield><subfield code="b">eng</subfield><subfield code="c">UNP</subfield><subfield code="d">NVF</subfield><subfield code="d">OCLCQ</subfield></datafield><datafield ind1=" " ind2=" " tag="042"><subfield code="a">msc</subfield></datafield><datafield ind1=" " ind2="4" tag="050"><subfield code="a">AN2.U8</subfield><subfield code="b">S34</subfield></datafield><datafield ind1="0" ind2=" " tag="130"><subfield code="a">Salt Lake tribune (Salt Lake City, Utah : State ed.)</subfield></datafield><datafield ind1="1" ind2="4" tag="245"><subfield code="a">The Salt Lake tribune.</subfield></datafield><datafield ind1=" " ind2=" " tag="250"><subfield code="a">[State ed.].</subfield></datafield><datafield ind1=" " ind2=" " tag="260"><subfield code="a">Salt Lake City, Utah :</subfield><subfield code="b">Kearns-Tribune Corp.,</subfield><subfield code="c">1954-1974.</subfield></datafield><datafield ind1=" " ind2=" " tag="300"><subfield code="a">43 v. :</subfield><subfield code="b">ill.</subfield></datafield><datafield ind1=" " ind2=" " tag="310"><subfield code="a">Daily (except Sunday)</subfield></datafield><datafield ind1="0" ind2=" " tag="362"><subfield code="a">Vol. 168 no. 79 (Jan. 1, 1954)-v. 210, no. 78 (Dec. 31, 1974).</subfield></datafield><datafield ind1=" " ind2=" " tag="515"><subfield code="a">Assumes numbering of: Salt Lake tribune (Salt Lake City, Utah : 1890).</subfield></datafield><datafield ind1=" " ind2=" " tag="580"><subfield code="a">Other eds.: Salt Lake tribune (Salt Lake City, Utah : Idaho ed.), 1954-1973, and: Salt Lake tribune (Salt Lake City, Utah : Metropolitan ed.), 1960-1972.</subfield></datafield><datafield ind1=" " ind2=" " tag="752"><subfield code="a">United States</subfield><subfield code="b">Utah</subfield><subfield code="c">Salt Lake</subfield><subfield code="d">Salt Lake City.</subfield></datafield><datafield ind1="0" ind2=" " tag="775"><subfield code="t">Salt Lake tribune (Salt Lake City, Utah : 1890)</subfield><subfield code="w">(DLC)sn 83045396</subfield><subfield code="w">(OCoLC)8086939</subfield></datafield><datafield ind1="1" ind2=" " tag="775"><subfield code="t">Salt Lake tribune (Salt Lake City, Utah : Idaho ed.)</subfield><subfield code="w">(DLC)sn 85058248</subfield></datafield><datafield ind1="1" ind2=" " tag="775"><subfield code="t">Salt Lake tribune (Salt Lake City, Utah : Metropolitan ed.)</subfield><subfield code="w">(DLC)sn 85058249</subfield></datafield></record>